@misc{wiki:basesCot18, 
       author = "Seguridad Social",
       title = "Bases y tipos de cotizaci√≥n 2018",
       year = "2018",
       url = "http://www.seg-social.es/Internet_1/Trabajadores/CotizacionRecaudaci10777/Basesytiposdecotiza36537/index.htm",
       note = "[Internet; descargado 1-junio-2018]"
}
